% Encoding: UTF-8

@book{benesty2008microphone,
  title={Microphone array signal processing},
  author={Benesty, Jacob and Chen, Jingdong and Huang, Yiteng},
  volume={1},
  year={2008},
  publisher={Springer Science \& Business Media}
}

@article{pados2001iterative,
  title={An iterative algorithm for the computation of the MVDR filter},
  author={Pados, Dimitris A and Karystinos, George N},
  journal={IEEE Transactions On signal processing},
  volume={49},
  number={2},
  pages={290--300},
  year={2001},
  publisher={IEEE}
}

@article{chen2006time,
  title={Time delay estimation in room acoustic environments: an overview},
  author={Chen, Jingdong and Benesty, Jacob and Huang, Yiteng},
  journal={EURASIP Journal on applied signal processing},
  volume={2006},
  pages={170--170},
  year={2006},
  publisher={Hindawi Publishing Corp.}
}

@inproceedings{dmochowski2007broadband,
  title={Broadband music: opportunities and challenges for multiple source localization},
  author={Dmochowski, Jacek P and Benesty, Jacob and Affes, Sofiene},
  booktitle={Applications of Signal Processing to Audio and Acoustics, 2007 IEEE Workshop on},
  pages={18--21},
  year={2007},
  organization={IEEE}
}

@inproceedings{karbasi2007new,
  title={A new DOA estimation method using a circular microphone array},
  author={Karbasi, Amin and Sugiyama, Akihiko},
  booktitle={Signal Processing Conference, 2007 15th European},
  pages={778--782},
  year={2007},
  organization={IEEE}
}

@article{makhoul1975linear,
  title={Linear prediction: A tutorial review},
  author={Makhoul, John},
  journal={Proceedings of the IEEE},
  volume={63},
  number={4},
  pages={561--580},
  year={1975},
  publisher={IEEE}
}

@article{lehmann2010diffuse,
  title={Diffuse reverberation model for efficient image-source simulation of room impulse responses},
  author={Lehmann, Eric A and Johansson, Anders M},
  journal={IEEE Transactions on Audio, Speech, and Language Processing},
  volume={18},
  number={6},
  pages={1429--1439},
  year={2010},
  publisher={IEEE}
}
@article{liu2014modified,
  title={Modified Capon Beamformer for High-Resolution Direction-of-Arrival Estimation},
  author={Liu, Changnong and Xin, Jingmin and Nishio, Yoshifumi and Zheng, Nanning and Sano, Akira},
  booktitle={2014 International Symposium on Nonlinear Theory and its Application (NOLTA), Luzern, Switzerland, 14 September 2014-18 September 2014},
    pages={116--119},
  year={2014},
  organization={Research Society of Nonlinear Theory and its Applications}

}

@Article{valin2007robust,
  author    = {Valin, Jean-Marc and Michaud, Fran{\c{c}}ois and Rouat, Jean},
  title     = {Robust Localization and Tracking of Simultaneous Moving Sound Sources Using Beamforming and Particle Filtering},
  journal   = {Robotics and Autonomous Systems Journal (Elsevier)},
  year      = {2007},
  volume    = {55},
  number    = {3},
  pages     = {216--228},
  publisher = {Elsevier},
}

@article{ward2003particle,
  title={Particle filtering algorithms for tracking an acoustic source in a reverberant environment},
  author={Ward, Darren B and Lehmann, Eric A and Williamson, Robert C},
  journal={IEEE Transactions on speech and audio processing},
  volume={11},
  number={6},
  pages={826--836},
  year={2003},
  publisher={IEEE}
}

@article{grais2017two,
  title={Two-Stage Single-Channel Audio Source Separation Using Deep Neural Networks},
  author={Grais, Emad M and Roma, Gerard and Simpson, Andrew JR and Plumbley, Mark D},
  journal={IEEE/ACM Transactions on Audio, Speech, and Language Processing},
  volume={25},
  number={9},
  pages={1773--1783},
  year={2017},
  publisher={IEEE}
}

@article{imoto2017spatial,
  title={Spatial Cepstrum as a Spatial Feature Using a Distributed Microphone Array for Acoustic Scene Analysis},
  author={Imoto, Keisuke and Ono, Nobutaka},
  journal={IEEE/ACM Transactions on Audio, Speech, and Language Processing},
  volume={25},
  number={6},
  pages={1335--1343},
  year={2017},
  publisher={IEEE}
}

@article{gannot2017consolidated,
  title={A Consolidated Perspective on Multimicrophone Speech Enhancement and Source Separation},
  author={Gannot, Sharon and Vincent, Emmanuel and Markovich-Golan, Shmulik and Ozerov, Alexey},
  journal={IEEE/ACM Transactions on Audio, Speech, and Language Processing},
  volume={25},
  number={4},
  pages={692--730},
  year={2017},
  publisher={IEEE}
}

@article{wood2017blind,
  title={Blind Speech Separation and Enhancement With GCC-NMF},
  author={Wood, Sean UN and Rouat, Jean and Dupont, St{\'e}phane and Pironkov, Gueorgui and Wood, Sean UN and Rouat, Jean and Dupont, Stephane and Pironkov, Gueorgui},
  journal={IEEE/ACM Transactions on Audio, Speech and Language Processing (TASLP)},
  volume={25},
  number={4},
  pages={745--755},
  year={2017},
  publisher={IEEE Press}
}

@article{higuchi2017online,
  title={Online MVDR Beamformer Based on Complex Gaussian Mixture Model With Spatial Prior for Noise Robust ASR},
  author={Higuchi, Takuya and Ito, Nobutaka and Araki, Shoko and Yoshioka, Takuya and Delcroix, Marc and Nakatani, Tomohiro and Higuchi, Takuya and Ito, Nobutaka and Araki, Shoko and Yoshioka, Takuya and others},
  journal={IEEE/ACM Transactions on Audio, Speech and Language Processing (TASLP)},
  volume={25},
  number={4},
  pages={780--793},
  year={2017},
  publisher={IEEE Press}
}

@article{moore2017direction,
  title={Direction of Arrival Estimation in the Spherical Harmonic Domain Using Subspace Pseudointensity Vectors},
  author={Moore, Alastair H and Evers, Christine and Naylor, Patrick A and Moore, Alastair H and Evers, Christine and Naylor, Patrick A},
  journal={IEEE/ACM Transactions on Audio, Speech and Language Processing (TASLP)},
  volume={25},
  number={1},
  pages={178--192},
  year={2017},
  publisher={IEEE Press}
}

@article{nugraha2016multichannel,
  title={Multichannel audio source separation with deep neural networks},
  author={Nugraha, Aditya Arie and Liutkus, Antoine and Vincent, Emmanuel},
  journal={IEEE/ACM Transactions on Audio, Speech, and Language Processing},
  volume={24},
  number={9},
  pages={1652--1664},
  year={2016},
  publisher={IEEE}
}
@article{knapp1976generalized,
  title={The generalized correlation method for estimation of time delay},
  author={Knapp, Charles and Carter, Glifford},
  journal={IEEE Transactions on Acoustics, Speech, and Signal Processing},
  volume={24},
  number={4},
  pages={320--327},
  year={1976},
  publisher={IEEE}
}

@inproceedings{gribonval2006survey,
  title={A survey of sparse component analysis for blind source separation: principles, perspectives, and new challenges},
  author={Gribonval, R{\'e}mi and Lesage, Sylvain},
  booktitle={ESANN'06 proceedings-14th European Symposium on Artificial Neural Networks},
  pages={323--330},
  year={2006},
  organization={d-side publi.}
}

@article{georgiev2007sparse,
  title={Sparse component analysis: a new tool for data mining},
  author={Georgiev, Pando and Theis, Fabian and Cichocki, Andrzej and Bakardjian, Hovagim},
  journal={Data mining in biomedicine},
  pages={91--116},
  year={2007},
  publisher={Springer}
}

@incollection{dibiase2001robust,
  title={Robust localization in reverberant rooms},
  author={DiBiase, Joseph H and Silverman, Harvey F and Brandstein, Michael S},
  booktitle={Microphone Arrays},
  pages={157--180},
  year={2001},
  publisher={Springer}
}

@article{bilmes1998gentle,
  title={A gentle tutorial of the EM algorithm and its application to parameter estimation for Gaussian mixture and hidden Markov models},
  author={Bilmes, Jeff A and others},
  journal={International Computer Science Institute},
  volume={4},
  number={510},
  pages={126},
  year={1998}
}

@Article{krolik1989multiple,
  author    = {Krolik, Jeffrey and Swingler, David},
  title     = {Multiple Broad-band Source Location Using Steered Covariance Matrices},
  journal   = {IEEE Transactions on Acoustics, Speech, and Signal Processing},
  year      = {1989},
  volume    = {37},
  number    = {10},
  pages     = {1481--1494},
  publisher = {IEEE},
}

@inproceedings{valin2004localization,
  title={Localization of simultaneous moving sound sources for mobile robot using a frequency-domain steered beamformer approach},
  author={Valin, J-M and Michaud, Fran{\c{c}}ois and Hadjou, Brahim and Rouat, Jean},
  booktitle={Robotics and Automation, 2004. Proceedings. ICRA'04. 2004 IEEE International Conference on},
  volume={1},
  pages={1033--1038},
  year={2004},
  organization={IEEE}
}

@article{torres2012robust,
  title={Robust acoustic source localization based on modal beamforming and time--frequency processing using circular microphone arrays},
  author={Torres, Ana M and Cobos, Maximo and Pueo, Basilio and Lopez, Jose J},
  journal={The Journal of the Acoustical Society of America},
  volume={132},
  number={3},
  pages={1511--1520},
  year={2012},
  publisher={ASA}
}

@article{firoozabadi2016novel,
  title={A novel nested circular microphone array and subband processing-based system for counting and DOA estimation of multiple simultaneous speakers},
  author={Firoozabadi, Ali Dehghan and Abutalebi, Hamid Reza},
  journal={Circuits, Systems, and Signal Processing},
  volume={35},
  number={2},
  pages={573--601},
  year={2016},
  publisher={Springer}
}

@article{swartling2011source,
  title={Source localization for multiple speech sources using low complexity non-parametric source separation and clustering},
  author={Swartling, Mikael and S{\"a}llberg, Benny and Grbi{\'c}, N},
  journal={Signal Processing},
  volume={91},
  number={8},
  pages={1781--1788},
  year={2011},
  publisher={Elsevier}
}
@article{markovic2010speaker,
  title={Speaker localization and tracking with a microphone array on a mobile robot using von Mises distribution and particle filtering},
  author={Markovi{\'c}, Ivan and Petrovi{\'c}, Ivan},
  journal={Robotics and Autonomous Systems},
  volume={58},
  number={11},
  pages={1185--1196},
  year={2010},
  publisher={Elsevier}
}

@inproceedings{nakadai2002real,
  title={Real-time sound source localization and separation for robot audition.},
  author={Nakadai, Kazuhiro and Okuno, Hiroshi G and Kitano, Hiroaki and others},
  booktitle={INTERSPEECH},
  year={2002}
}

@article{potamitis2004tracking,
  title={Tracking of multiple moving speakers with multiple microphone arrays},
  author={Potamitis, Ilyas and Chen, Huimin and Tremoulis, George},
  journal={IEEE Transactions on Speech and Audio Processing},
  volume={12},
  number={5},
  pages={520--529},
  year={2004},
  publisher={IEEE}
}

@article{zhang2008maximum,
  title={Maximum likelihood sound source localization and beamforming for directional microphone arrays in distributed meetings},
  author={Zhang, Cha and Flor{\^e}ncio, Dinei and Ba, Demba E and Zhang, Zhengyou},
  journal={IEEE Transactions on Multimedia},
  volume={10},
  number={3},
  pages={538--548},
  year={2008},
  publisher={IEEE}
}

@book{brandstein2013microphone,
  title={Microphone arrays: signal processing techniques and applications},
  author={Brandstein, Michael and Ward, Darren},
  year={2013},
  publisher={Springer Science \& Business Media}
}

@Article{pavlidi2013real,
  author    = {Pavlidi, Despoina and Griffin, Anthony and Puigt, Matthieu and Mouchtaris, Athanasios},
  title     = {Real-time Multiple Sound Source Localization and Counting using a Circular Microphone Array},
  journal   = {IEEE Transactions on Audio, Speech, and Language Processing},
  year      = {2013},
  volume    = {21},
  number    = {10},
  pages     = {2193--2206},
  publisher = {IEEE},
}

@inproceedings{valin2003robust,
  title={Robust sound source localization using a microphone array on a mobile robot},
  author={Valin, J-M and Michaud, Fran{\c{c}}ois and Rouat, Jean and L{\'e}tourneau, Dominic},
  booktitle={Intelligent Robots and Systems, 2003.(IROS 2003). Proceedings. 2003 IEEE/RSJ International Conference on},
  volume={2},
  pages={1228--1233},
  year={2003},
  organization={IEEE}
}

@Book{madhu2010acoustic,
  author    = {Madhu, Nilesh},
  title     = {Acoustic Source Localization: Algorithms, Applications and Extensions to Source Separation},
  year      = {2010},
  publisher = {Der Andere Verlag},
}

@inproceedings{griffin2012real,
  title={Real-time multiple speaker DOA estimation in a circular microphone array based on matching pursuit},
  author={Griffin, Anthony and Pavlidi, Despoina and Puigt, Matthieu and Mouchtaris, Athanasios},
  booktitle={Signal Processing Conference (EUSIPCO), 2012 Proceedings of the 20th European},
  pages={2303--2307},
  year={2012},
  organization={IEEE}
}

@article{dmochowski2007generalized,
  title={A generalized steered response power method for computationally viable source localization},
  author={Dmochowski, Jacek P and Benesty, Jacob and Affes, Sofiene},
  journal={IEEE Transactions on Audio, Speech, and Language Processing},
  volume={15},
  number={8},
  pages={2510--2526},
  year={2007},
  publisher={IEEE}
}
@article{shan1985spatial,
  title={On spatial smoothing for direction-of-arrival estimation of coherent signals},
  author={Shan, Tie-Jun and Wax, Mati and Kailath, Thomas},
  journal={IEEE Transactions on Acoustics, Speech, and Signal Processing},
  volume={33},
  number={4},
  pages={806--811},
  year={1985},
  publisher={IEEE}
}

@article{frost1972algorithm,
  title={An algorithm for linearly constrained adaptive array processing},
  author={Frost, Otis Lamont},
  journal={Proceedings of the IEEE},
  volume={60},
  number={8},
  pages={926--935},
  year={1972},
  publisher={IEEE}
}

@article{trump1996estimation,
  title={Estimation of nominal direction of arrival and angular spread using an array of sensors},
  author={Trump, T{\~o}nu and Ottersten, Bj{\"o}rn},
  journal={Signal Processing},
  volume={50},
  number={1-2},
  pages={57--69},
  year={1996},
  publisher={Elsevier}
}


@article{stoica1990maximum,
  title={Maximum likelihood methods for direction-of-arrival estimation},
  author={Stoica, Petre and Sharman, Kenneth C},
  journal={IEEE Transactions on Acoustics, Speech, and Signal Processing},
  volume={38},
  number={7},
  pages={1132--1143},
  year={1990},
  publisher={IEEE}
}

@Article{krim1996two,
  author    = {Krim, Hamid and Viberg, Mats},
  title     = {Two Decades of Array Signal Processing Research: the Parametric Approach},
  journal   = {IEEE signal processing magazine},
  year      = {1996},
  volume    = {13},
  number    = {4},
  pages     = {67--94},
  publisher = {IEEE},
}

@article{ziskind1988maximum,
  title={Maximum likelihood localization of multiple sources by alternating projection},
  author={Ziskind, Ilan and Wax, Mati},
  journal={IEEE Transactions on Acoustics, Speech, and Signal Processing},
  volume={36},
  number={10},
  pages={1553--1560},
  year={1988},
  publisher={IEEE}
}

@Article{stoica1990performance,
  author    = {Stoica, Petre and Nehorai, Arye},
  title     = {Performance Study of Conditional and Unconditional Direction-of-Arrival Estimation},
  journal   = {IEEE Transactions on Acoustics, Speech, and Signal Processing},
  year      = {1990},
  volume    = {38},
  number    = {10},
  pages     = {1783--1795},
  publisher = {IEEE},
}

@InProceedings{madhu2008scalable,
  author       = {Madhu, Nilesh and Martin, Rainer},
  title        = {A scalable framework for multiple speaker localization and tracking},
  booktitle    = {Proceedings of the International Workshop for Acoustic Echo Cancellation and Noise Control (IWAENC)},
  year         = {2008},
  organization = {IEEE},
}

@InProceedings{brutti2008localization,
  author       = {Brutti, Alessio and Omologo, Maurizio and Svaizer, Piergiorgio},
  title        = {Localization of multiple speakers based on a two step acoustic map analysis},
  booktitle    = {IEEE International Conference on Acoustics, Speech and Signal Processing, ICASSP},
  year         = {2008},
  organization = {IEEE},
  pages        = {4349--4352},
}

@Book{loizou2013speech,
  author    = {Loizou, Philipos C},
  title     = {Speech Enhancement: Theory and Practice},
  year      = {2013},
  publisher = {CRC press},
}

@Book{martin2008advances,
  author    = {Martin, Rainer and Heute, Ulrich and Antweiler, Christiane},
  title     = {Advances in Digital Speech Transmission},
  year      = {2008},
  publisher = {John Wiley \& Sons},
}

@Book{bishop2016pattern,
  author    = {Bishop, Christopher M.},
  title     = {Pattern Recognition and Machine Learning},
  year      = {2006},
  publisher = {Springer-Verlag New York},
}

@InProceedings{yin2007performance,
  author       = {Yin, Fei and Makris, Dimitrios and Velastin, Sergio A},
  title        = {Performance Evaluation of Object Tracking Algorithms},
  booktitle    = {International Workshop on Performance Evaluation of Tracking and Surveillance, Rio De Janeiro, Brazil},
  year         = {2007},
  organization = {IEEE},
  pages        = {25},
}

@Article{Capon1969,
  author  = {Capon, J.},
  title   = {High-resolution frequency-wavenumber spectrum analysis},
  journal = {Proceedings of the IEEE},
  year    = {1969},
  volume  = {57},
  number  = {8},
  pages   = {1408-1418},
}

@article{vcehovin2016visual,
  title={Visual object tracking performance measures revisited},
  author={{\v{C}}ehovin, Luka and Leonardis, Ale{\v{s}} and Kristan, Matej},
  journal={IEEE Transactions on Image Processing},
  volume={25},
  number={3},
  pages={1261--1274},
  year={2016},
  publisher={IEEE}
}

@InProceedings{hummes2011robust,
  author       = {Hummes, Frithjof and Qi, Junge and Fingscheidt, Tim},
  title        = {Robust Acoustic Speaker Localization with Distributed Microphones},
  booktitle    = {19th European Signal Processing Conference},
  year         = {2011},
  organization = {IEEE},
  pages        = {240--244},
}

@Article{sheng2005maximum,
  author    = {Sheng, Xiaohong and Hu, Yu-Hen},
  title     = {Maximum Likelihood Multiple-Source Localization Using Acoustic Energy Measurements with Wireless Sensor Networks},
  journal   = {IEEE Transactions on Signal Processing},
  year      = {2005},
  volume    = {53},
  number    = {1},
  pages     = {44--53},
  publisher = {IEEE},
}

@article{chen2003coherent,
  title={Coherent acoustic array processing and localization on wireless sensor networks},
  author={Chen, Joe C and Yip, Len and Elson, Jeremy and Wang, Hanbiao and Maniezzo, Daniela and Hudson, Ralph E and Yao, Kung and Estrin, Deborah},
  journal={Proceedings of the IEEE},
  volume={91},
  number={8},
  pages={1154--1162},
  year={2003},
  publisher={IEEE}
}

@article{nikunen2018separation,
  title={Separation of Moving Sound Sources Using Multichannel NMF and Acoustic Tracking},
  author={Nikunen, Joonas and Diment, Aleksandr and Virtanen, Tuomas},
  journal={IEEE/ACM Transactions on Audio, Speech, and Language Processing},
  volume={26},
  number={2},
  pages={281--295},
  year={2018},
  publisher={IEEE}
}

@Online{LOCATA,
  author  = {Löllmann, Heinrich and Evers, Christine and Schmidt, Alexander and Barfuss, Hendrik and Naylor, Patrick A. and Kellerman, Walter},
  title   = {IEEE-AASP Challenge on Acoustic Source Localization and Tracking},
  year    = {2018},
  url     = {https://lms.lnt.de/locata/},
  urldate = {2018-02-22},
}

@Article{1164667,
  author   = {H. Wang and M. Kaveh},
  title    = {Coherent Signal-Subspace Processing for the Detection and Estimation of Angles of Arrival of Multiple Wide-Band Sources},
  journal  = {IEEE Transactions on Acoustics, Speech, and Signal Processing},
  year     = {1985},
  volume   = {33},
  number   = {4},
  month    = {Aug},
  pages    = {823--831},
  keywords = {Direction of arrival estimation;Frequency domain analysis;Maximum likelihood detection;Maximum likelihood estimation;Narrowband;Position measurement;Propagation delay;Sensor arrays;Signal processing;Wideband},
}

@InProceedings{pan2017frida,
  author       = {Pan, Hanjie and Scheibler, Robin and Bezzam, Eric and Dokmani{\'c}, Ivan and Vetterli, Martin},
  title        = {FRIDA: FRI-based DoA Estimation for Arbitrary Array Layouts},
  booktitle    = {International Conference on Acoustics, Speech and Signal Processing (ICASSP)},
  year         = {2017},
  organization = {IEEE},
  pages        = {3186--3190},
}

@Article{di2001waves,
  author    = {Di Claudio, Elio D and Parisi, Raffaele},
  title     = {WAVES: Weighted Average of Signal Subspaces for Robust Wideband Direction Finding},
  journal   = {IEEE Transactions on Signal Processing},
  year      = {2001},
  volume    = {49},
  number    = {10},
  pages     = {2179--2191},
  publisher = {IEEE},
}

@Article{yoon2006tops,
  author    = {Yoon, Yeo-Sun and Kaplan, Lance M and McClellan, James H},
  title     = {New DOA Estimator for Wideband Signals},
  journal   = {IEEE Transactions on Signal Processing},
  year      = {2006},
  volume    = {54},
  number    = {6},
  pages     = {1977--1989},
  publisher = {IEEE},
}

@Online{smartreport,
  author  = {National Public Media and Edison Resarch},
  editor  = {npr.org},
  title   = {The Smart Audio Report},
  year    = {2017},
  url     = {http://nationalpublicmedia.com/wp-content/uploads/2018/01/The-Smart-Audio-Report-from-NPR-and-Edison-Research-Fall-Winter-2017.pdf},
  urldate = {2018-02-22},
}

@Online{gartner,
  author  = {Forni, Amy Ann and van der Meulen, Rob},
  editor  = {Gartner, Inc.},
  title   = {Gartner Says Worldwide Spending on VPA-Enabled Wireless Speakers Will Top \$2 Billion by 2020},
  year    = {2018},
  url     = {https://www.gartner.com/newsroom/id/3464317},
  urldate = {2018-02-22},
}

@ARTICLE{1164314, 
author={M. Azaria and D. Hertz}, 
journal={IEEE Transactions on Acoustics, Speech, and Signal Processing}, 
title={Time delay estimation by generalized cross correlation methods}, 
year={1984}, 
volume={32}, 
number={2}, 
pages={280-285}, 
keywords={Autocorrelation;Bandwidth;Correlation;Delay effects;Delay estimation;Error analysis;Estimation error;Maximum likelihood estimation;Mean square error methods;Signal to noise ratio}, 
doi={10.1109/TASSP.1984.1164314}, 
ISSN={0096-3518}, 
month={Apr},}

@Article{baumann2008review,
  author   = {Baumann, Axel and Boltz, Marco and Ebling, Julia and Koenig, Matthias and Loos, Hartmut S and Merkel, Marcel and Niem, Wolfgang and Warzelhan, Jan Karl and Yu, Jie},
  title    = {A Review and Comparison of Measures for Automatic Video Surveillance Systems},
  journal  = {EURASIP Journal on Image and Video Processing},
  year     = {2008},
  date     = {2008-07-08},
  volume   = {2008},
  number   = {2008:824726},
  month    = {7},
  pages    = {1-30},
  abstract = {EURASIP Journal on Image and Video Processing Volume 2008, Article ID 824726, 30 pages doi:10.1155/2008/824726,},
}

@InProceedings{evers2015bearing,
  author       = {Evers, Christine and Moore, Alastair H and Naylor, Patrick A and Sheaffer, Jonathan and Rafaely, Boaz},
  title        = {Bearing-only Acoustic Tracking of Moving Speakers for Robot Audition},
  booktitle    = {International Conference on Digital Signal Processing (DSP)},
  year         = {2015},
  organization = {IEEE},
  pages        = {1206–1210},
}

@Book{lagrange,
  author       = {Lagrange, Joseph Louis},
  title        = {Mécanique Analytique},
  year         = {1811},
  mainsubtitle = {Vol. 1},
  publisher    = {Vve. Courcier, Paris},
}


@ARTICLE{279278, 
  author={Gauvain, J L and Lee, Chin-Hui}, 
  journal={IEEE Transactions on Speech and Audio Processing}, 
  title={Maximum a posteriori estimation for multivariate Gaussian mixture observations of Markov chains}, 
  year={1994}, 
  volume={2}, 
  number={2}, 
  pages={291-298}, 
}

 @book{bronstein, 
   author = {Bronstein, I N and Semendjajew, K A and Musiol, G and Mühlig, H}, 
   title = {{Taschenbuch der Mathematik}}, 
   publisher = {Verlag Harri Deutsch}, 
   edition = {7}, 
   year = {2008}, 
 }

@Comment{jabref-meta: databaseType:biblatex;}
